<record><leader>00000cas a2200000 a 4500</leader><controlfield tag="001">8042519</controlfield><controlfield tag="008">820106c19uu9999ilucn ne      0   a0eng d</controlfield><datafield ind1=" " ind2=" " tag="010"><subfield code="a">sn 82000053 </subfield></datafield><datafield ind1=" " ind2=" " tag="040"><subfield code="a">NSD</subfield><subfield code="b">eng</subfield><subfield code="c">NSD</subfield><subfield code="d">OCL</subfield><subfield code="d">OCLCQ</subfield></datafield><datafield ind1=" " ind2=" " tag="012"><subfield code="m">1</subfield></datafield><datafield ind1="1" ind2=" " tag="022"><subfield code="a">0744-141X</subfield><subfield code="l">0744-141X</subfield><subfield code="2">1</subfield></datafield><datafield ind1=" " ind2=" " tag="032"><subfield code="a">525260</subfield><subfield code="b">USPS</subfield></datafield><datafield ind1=" " ind2=" " tag="042"><subfield code="a">nsdp</subfield></datafield><datafield ind1=" " ind2="0" tag="222"><subfield code="a">News progress</subfield><subfield code="b">(Sullivan, Ill.)</subfield></datafield><datafield ind1="0" ind2="0" tag="245"><subfield code="a">News progress.</subfield></datafield><datafield ind1=" " ind2=" " tag="260"><subfield code="a">Sullivan, Ill. :</subfield><subfield code="b">Best Newspapers in Illinois, Inc.</subfield></datafield><datafield ind1=" " ind2=" " tag="310"><subfield code="a">Semiweekly (except last week in Dec.),</subfield><subfield code="b">&lt;Dec. 29, 1981-&gt;</subfield></datafield><datafield ind1=" " ind2=" " tag="321"><subfield code="a">Semiweekly</subfield></datafield><datafield ind1=" " ind2=" " tag="588"><subfield code="a">Description based on: Vol. 124, no. 83 (Dec. 29, 1981); title from caption.</subfield></datafield><datafield ind1=" " ind2=" " tag="936"><subfield code="a">Jan. 11, 1982</subfield></datafield></record>